%YAML 1.1
%TAG !u! tag:unity3d.com,2011:
--- !u!29 &1
OcclusionCullingSettings:
  m_ObjectHideFlags: 0
  serializedVersion: 2
  m_OcclusionBakeSettings:
    smallestOccluder: 5
    smallestHole: 0.25
    backfaceThreshold: 100
  m_SceneGUID: 00000000000000000000000000000000
  m_OcclusionCullingData: {fileID: 0}
--- !u!104 &2
RenderSettings:
  m_ObjectHideFlags: 0
  serializedVersion: 7
  m_Fog: 0
  m_FogColor: {r: 0.5, g: 0.5, b: 0.5, a: 1}
  m_FogMode: 3
  m_FogDensity: 0.01
  m_LinearFogStart: 0
  m_LinearFogEnd: 300
  m_AmbientSkyColor: {r: 0.212, g: 0.227, b: 0.259, a: 1}
  m_AmbientEquatorColor: {r: 0.114, g: 0.125, b: 0.133, a: 1}
  m_AmbientGroundColor: {r: 0.047, g: 0.043, b: 0.035, a: 1}
  m_AmbientIntensity: 1
  m_AmbientMode: 3
  m_SkyboxMaterial: {fileID: 0}
  m_HaloStrength: 0.5
  m_FlareStrength: 1
  m_FlareFadeSpeed: 3
  m_HaloTexture: {fileID: 0}
  m_SpotCookie: {fileID: 10001, guid: 0000000000000000e000000000000000, type: 0}
  m_DefaultReflectionMode: 0
  m_DefaultReflectionResolution: 128
  m_ReflectionBounces: 1
  m_ReflectionIntensity: 1
  m_CustomReflection: {fileID: 0}
  m_Sun: {fileID: 0}
  m_IndirectSpecularColor: {r: 0, g: 0, b: 0, a: 1}
--- !u!157 &3
LightmapSettings:
  m_ObjectHideFlags: 0
  serializedVersion: 7
  m_GIWorkflowMode: 1
  m_GISettings:
    serializedVersion: 2
    m_BounceScale: 1
    m_IndirectOutputScale: 1
    m_AlbedoBoost: 1
    m_TemporalCoherenceThreshold: 1
    m_EnvironmentLightingMode: 0
    m_EnableBakedLightmaps: 0
    m_EnableRealtimeLightmaps: 0
  m_LightmapEditorSettings:
    serializedVersion: 4
    m_Resolution: 2
    m_BakeResolution: 40
    m_TextureWidth: 1024
    m_TextureHeight: 1024
    m_AO: 0
    m_AOMaxDistance: 1
    m_CompAOExponent: 1
    m_CompAOExponentDirect: 0
    m_Padding: 2
    m_LightmapParameters: {fileID: 0}
    m_LightmapsBakeMode: 1
    m_TextureCompression: 1
    m_DirectLightInLightProbes: 1
    m_FinalGather: 0
    m_FinalGatherFiltering: 1
    m_FinalGatherRayCount: 256
    m_ReflectionCompression: 2
  m_LightingDataAsset: {fileID: 0}
  m_RuntimeCPUUsage: 25
--- !u!196 &4
NavMeshSettings:
  serializedVersion: 2
  m_ObjectHideFlags: 0
  m_BuildSettings:
    serializedVersion: 2
    agentTypeID: 0
    agentRadius: 0.5
    agentHeight: 2
    agentSlope: 45
    agentClimb: 0.4
    ledgeDropHeight: 0
    maxJumpAcrossDistance: 0
    minRegionArea: 2
    manualCellSize: 0
    cellSize: 0.16666667
    accuratePlacement: 0
  m_NavMeshData: {fileID: 0}
--- !u!1001 &18622
Prefab:
  m_ObjectHideFlags: 0
  serializedVersion: 2
  m_Modification:
    m_TransformParent: {fileID: 329980548}
    m_Modifications:
    - target: {fileID: 224646472933309466, guid: cde9b3d7d88ee4ba688e3b096a443000,
        type: 2}
      propertyPath: m_LocalPosition.x
      value: 0
      objectReference: {fileID: 0}
    - target: {fileID: 224646472933309466, guid: cde9b3d7d88ee4ba688e3b096a443000,
        type: 2}
      propertyPath: m_LocalPosition.y
      value: 0
      objectReference: {fileID: 0}
    - target: {fileID: 224646472933309466, guid: cde9b3d7d88ee4ba688e3b096a443000,
        type: 2}
      propertyPath: m_LocalPosition.z
      value: 0
      objectReference: {fileID: 0}
    - target: {fileID: 224646472933309466, guid: cde9b3d7d88ee4ba688e3b096a443000,
        type: 2}
      propertyPath: m_LocalRotation.x
      value: -0
      objectReference: {fileID: 0}
    - target: {fileID: 224646472933309466, guid: cde9b3d7d88ee4ba688e3b096a443000,
        type: 2}
      propertyPath: m_LocalRotation.y
      value: -0
      objectReference: {fileID: 0}
    - target: {fileID: 224646472933309466, guid: cde9b3d7d88ee4ba688e3b096a443000,
        type: 2}
      propertyPath: m_LocalRotation.z
      value: -0
      objectReference: {fileID: 0}
    - target: {fileID: 224646472933309466, guid: cde9b3d7d88ee4ba688e3b096a443000,
        type: 2}
      propertyPath: m_LocalRotation.w
      value: 1
      objectReference: {fileID: 0}
    - target: {fileID: 224646472933309466, guid: cde9b3d7d88ee4ba688e3b096a443000,
        type: 2}
      propertyPath: m_RootOrder
      value: 0
      objectReference: {fileID: 0}
    - target: {fileID: 224646472933309466, guid: cde9b3d7d88ee4ba688e3b096a443000,
        type: 2}
      propertyPath: m_AnchoredPosition.x
      value: 0
      objectReference: {fileID: 0}
    - target: {fileID: 224646472933309466, guid: cde9b3d7d88ee4ba688e3b096a443000,
        type: 2}
      propertyPath: m_AnchoredPosition.y
      value: 0
      objectReference: {fileID: 0}
    - target: {fileID: 224646472933309466, guid: cde9b3d7d88ee4ba688e3b096a443000,
        type: 2}
      propertyPath: m_SizeDelta.x
      value: 30
      objectReference: {fileID: 0}
    - target: {fileID: 224646472933309466, guid: cde9b3d7d88ee4ba688e3b096a443000,
        type: 2}
      propertyPath: m_SizeDelta.y
      value: 30
      objectReference: {fileID: 0}
    - target: {fileID: 224646472933309466, guid: cde9b3d7d88ee4ba688e3b096a443000,
        type: 2}
      propertyPath: m_AnchorMin.x
      value: 0.5
      objectReference: {fileID: 0}
    - target: {fileID: 224646472933309466, guid: cde9b3d7d88ee4ba688e3b096a443000,
        type: 2}
      propertyPath: m_AnchorMin.y
      value: 0.5
      objectReference: {fileID: 0}
    - target: {fileID: 224646472933309466, guid: cde9b3d7d88ee4ba688e3b096a443000,
        type: 2}
      propertyPath: m_AnchorMax.x
      value: 0.5
      objectReference: {fileID: 0}
    - target: {fileID: 224646472933309466, guid: cde9b3d7d88ee4ba688e3b096a443000,
        type: 2}
      propertyPath: m_AnchorMax.y
      value: 0.5
      objectReference: {fileID: 0}
    - target: {fileID: 224646472933309466, guid: cde9b3d7d88ee4ba688e3b096a443000,
        type: 2}
      propertyPath: m_Pivot.x
      value: 0.5
      objectReference: {fileID: 0}
    - target: {fileID: 224646472933309466, guid: cde9b3d7d88ee4ba688e3b096a443000,
        type: 2}
      propertyPath: m_Pivot.y
      value: 0.5
      objectReference: {fileID: 0}
    - target: {fileID: 224997187656743080, guid: cde9b3d7d88ee4ba688e3b096a443000,
        type: 2}
      propertyPath: m_RootOrder
      value: 6
      objectReference: {fileID: 0}
    - target: {fileID: 224481473540969792, guid: cde9b3d7d88ee4ba688e3b096a443000,
        type: 2}
      propertyPath: m_RootOrder
      value: 3
      objectReference: {fileID: 0}
    - target: {fileID: 224788498321773722, guid: cde9b3d7d88ee4ba688e3b096a443000,
        type: 2}
      propertyPath: m_RootOrder
      value: 7
      objectReference: {fileID: 0}
    - target: {fileID: 224364869286822398, guid: cde9b3d7d88ee4ba688e3b096a443000,
        type: 2}
      propertyPath: m_RootOrder
      value: 4
      objectReference: {fileID: 0}
    - target: {fileID: 1925653584830890, guid: cde9b3d7d88ee4ba688e3b096a443000, type: 2}
      propertyPath: m_IsActive
      value: 1
      objectReference: {fileID: 0}
    - target: {fileID: 224998532605866680, guid: cde9b3d7d88ee4ba688e3b096a443000,
        type: 2}
      propertyPath: m_RootOrder
      value: 5
      objectReference: {fileID: 0}
    m_RemovedComponents: []
  m_ParentPrefab: {fileID: 100100000, guid: cde9b3d7d88ee4ba688e3b096a443000, type: 2}
  m_IsPrefabParent: 0
--- !u!1001 &236835452
Prefab:
  m_ObjectHideFlags: 0
  serializedVersion: 2
  m_Modification:
    m_TransformParent: {fileID: 2005409725}
    m_Modifications:
    - target: {fileID: 224253193385040276, guid: a44f4aa2e3a1546ae9466a779975f4a6,
        type: 2}
      propertyPath: m_LocalPosition.x
      value: 0
      objectReference: {fileID: 0}
    - target: {fileID: 224253193385040276, guid: a44f4aa2e3a1546ae9466a779975f4a6,
        type: 2}
      propertyPath: m_LocalPosition.y
      value: 0
      objectReference: {fileID: 0}
    - target: {fileID: 224253193385040276, guid: a44f4aa2e3a1546ae9466a779975f4a6,
        type: 2}
      propertyPath: m_LocalPosition.z
      value: 0
      objectReference: {fileID: 0}
    - target: {fileID: 224253193385040276, guid: a44f4aa2e3a1546ae9466a779975f4a6,
        type: 2}
      propertyPath: m_LocalRotation.x
      value: 0
      objectReference: {fileID: 0}
    - target: {fileID: 224253193385040276, guid: a44f4aa2e3a1546ae9466a779975f4a6,
        type: 2}
      propertyPath: m_LocalRotation.y
      value: 0
      objectReference: {fileID: 0}
    - target: {fileID: 224253193385040276, guid: a44f4aa2e3a1546ae9466a779975f4a6,
        type: 2}
      propertyPath: m_LocalRotation.z
      value: 0
      objectReference: {fileID: 0}
    - target: {fileID: 224253193385040276, guid: a44f4aa2e3a1546ae9466a779975f4a6,
        type: 2}
      propertyPath: m_LocalRotation.w
      value: 1
      objectReference: {fileID: 0}
    - target: {fileID: 224253193385040276, guid: a44f4aa2e3a1546ae9466a779975f4a6,
        type: 2}
      propertyPath: m_RootOrder
      value: 1
      objectReference: {fileID: 0}
    - target: {fileID: 224253193385040276, guid: a44f4aa2e3a1546ae9466a779975f4a6,
        type: 2}
      propertyPath: m_AnchoredPosition.x
      value: 0
      objectReference: {fileID: 0}
    - target: {fileID: 224253193385040276, guid: a44f4aa2e3a1546ae9466a779975f4a6,
        type: 2}
      propertyPath: m_AnchoredPosition.y
      value: 18.58
      objectReference: {fileID: 0}
    - target: {fileID: 224253193385040276, guid: a44f4aa2e3a1546ae9466a779975f4a6,
        type: 2}
      propertyPath: m_SizeDelta.x
      value: 750
      objectReference: {fileID: 0}
    - target: {fileID: 224253193385040276, guid: a44f4aa2e3a1546ae9466a779975f4a6,
        type: 2}
      propertyPath: m_SizeDelta.y
      value: 525
      objectReference: {fileID: 0}
    - target: {fileID: 224253193385040276, guid: a44f4aa2e3a1546ae9466a779975f4a6,
        type: 2}
      propertyPath: m_AnchorMin.x
      value: 0.5
      objectReference: {fileID: 0}
    - target: {fileID: 224253193385040276, guid: a44f4aa2e3a1546ae9466a779975f4a6,
        type: 2}
      propertyPath: m_AnchorMin.y
      value: 0.5
      objectReference: {fileID: 0}
    - target: {fileID: 224253193385040276, guid: a44f4aa2e3a1546ae9466a779975f4a6,
        type: 2}
      propertyPath: m_AnchorMax.x
      value: 0.5
      objectReference: {fileID: 0}
    - target: {fileID: 224253193385040276, guid: a44f4aa2e3a1546ae9466a779975f4a6,
        type: 2}
      propertyPath: m_AnchorMax.y
      value: 0.5
      objectReference: {fileID: 0}
    - target: {fileID: 224253193385040276, guid: a44f4aa2e3a1546ae9466a779975f4a6,
        type: 2}
      propertyPath: m_Pivot.x
      value: 0.5
      objectReference: {fileID: 0}
    - target: {fileID: 224253193385040276, guid: a44f4aa2e3a1546ae9466a779975f4a6,
        type: 2}
      propertyPath: m_Pivot.y
      value: 0.5
      objectReference: {fileID: 0}
    - target: {fileID: 1204970031050686, guid: a44f4aa2e3a1546ae9466a779975f4a6, type: 2}
      propertyPath: m_IsActive
      value: 1
      objectReference: {fileID: 0}
    m_RemovedComponents: []
  m_ParentPrefab: {fileID: 100100000, guid: a44f4aa2e3a1546ae9466a779975f4a6, type: 2}
  m_IsPrefabParent: 0
--- !u!1001 &257075305
Prefab:
  m_ObjectHideFlags: 0
  serializedVersion: 2
  m_Modification:
    m_TransformParent: {fileID: 1591481368}
    m_Modifications:
    - target: {fileID: 224458158021144206, guid: fbe834eb504114bca975051ce7685295,
        type: 2}
      propertyPath: m_LocalPosition.x
      value: 0
      objectReference: {fileID: 0}
    - target: {fileID: 224458158021144206, guid: fbe834eb504114bca975051ce7685295,
        type: 2}
      propertyPath: m_LocalPosition.y
      value: 0
      objectReference: {fileID: 0}
    - target: {fileID: 224458158021144206, guid: fbe834eb504114bca975051ce7685295,
        type: 2}
      propertyPath: m_LocalPosition.z
      value: 0
      objectReference: {fileID: 0}
    - target: {fileID: 224458158021144206, guid: fbe834eb504114bca975051ce7685295,
        type: 2}
      propertyPath: m_LocalRotation.x
      value: -0
      objectReference: {fileID: 0}
    - target: {fileID: 224458158021144206, guid: fbe834eb504114bca975051ce7685295,
        type: 2}
      propertyPath: m_LocalRotation.y
      value: -0
      objectReference: {fileID: 0}
    - target: {fileID: 224458158021144206, guid: fbe834eb504114bca975051ce7685295,
        type: 2}
      propertyPath: m_LocalRotation.z
      value: -0
      objectReference: {fileID: 0}
    - target: {fileID: 224458158021144206, guid: fbe834eb504114bca975051ce7685295,
        type: 2}
      propertyPath: m_LocalRotation.w
      value: 1
      objectReference: {fileID: 0}
    - target: {fileID: 224458158021144206, guid: fbe834eb504114bca975051ce7685295,
        type: 2}
      propertyPath: m_RootOrder
      value: 2
      objectReference: {fileID: 0}
    - target: {fileID: 224458158021144206, guid: fbe834eb504114bca975051ce7685295,
        type: 2}
      propertyPath: m_AnchoredPosition.x
      value: 0
      objectReference: {fileID: 0}
    - target: {fileID: 224458158021144206, guid: fbe834eb504114bca975051ce7685295,
        type: 2}
      propertyPath: m_AnchoredPosition.y
      value: 0
      objectReference: {fileID: 0}
    - target: {fileID: 224458158021144206, guid: fbe834eb504114bca975051ce7685295,
        type: 2}
      propertyPath: m_SizeDelta.x
      value: 100
      objectReference: {fileID: 0}
    - target: {fileID: 224458158021144206, guid: fbe834eb504114bca975051ce7685295,
        type: 2}
      propertyPath: m_SizeDelta.y
      value: 100
      objectReference: {fileID: 0}
    - target: {fileID: 224458158021144206, guid: fbe834eb504114bca975051ce7685295,
        type: 2}
      propertyPath: m_AnchorMin.x
      value: 0.5
      objectReference: {fileID: 0}
    - target: {fileID: 224458158021144206, guid: fbe834eb504114bca975051ce7685295,
        type: 2}
      propertyPath: m_AnchorMin.y
      value: 0.5
      objectReference: {fileID: 0}
    - target: {fileID: 224458158021144206, guid: fbe834eb504114bca975051ce7685295,
        type: 2}
      propertyPath: m_AnchorMax.x
      value: 0.5
      objectReference: {fileID: 0}
    - target: {fileID: 224458158021144206, guid: fbe834eb504114bca975051ce7685295,
        type: 2}
      propertyPath: m_AnchorMax.y
      value: 0.5
      objectReference: {fileID: 0}
    - target: {fileID: 224458158021144206, guid: fbe834eb504114bca975051ce7685295,
        type: 2}
      propertyPath: m_Pivot.x
      value: 0.5
      objectReference: {fileID: 0}
    - target: {fileID: 224458158021144206, guid: fbe834eb504114bca975051ce7685295,
        type: 2}
      propertyPath: m_Pivot.y
      value: 0.5
      objectReference: {fileID: 0}
    m_RemovedComponents: []
  m_ParentPrefab: {fileID: 100100000, guid: fbe834eb504114bca975051ce7685295, type: 2}
  m_IsPrefabParent: 0
--- !u!224 &329980548 stripped
RectTransform:
  m_PrefabParentObject: {fileID: 224834378985404888, guid: a44f4aa2e3a1546ae9466a779975f4a6,
    type: 2}
  m_PrefabInternal: {fileID: 236835452}
--- !u!224 &363320334 stripped
RectTransform:
  m_PrefabParentObject: {fileID: 224646472933309466, guid: cde9b3d7d88ee4ba688e3b096a443000,
    type: 2}
  m_PrefabInternal: {fileID: 1539517515}
--- !u!224 &538908920 stripped
RectTransform:
  m_PrefabParentObject: {fileID: 224694068088554196, guid: b21f115e5117d4a23955dbaf9dc1925c,
    type: 2}
  m_PrefabInternal: {fileID: 807695698}
--- !u!1 &760375243
GameObject:
  m_ObjectHideFlags: 0
  m_PrefabParentObject: {fileID: 0}
  m_PrefabInternal: {fileID: 0}
  serializedVersion: 5
  m_Component:
  - component: {fileID: 760375248}
  - component: {fileID: 760375247}
  - component: {fileID: 760375246}
  - component: {fileID: 760375245}
  - component: {fileID: 760375244}
  - component: {fileID: 760375249}
  m_Layer: 0
  m_Name: Main Camera
  m_TagString: MainCamera
  m_Icon: {fileID: 0}
  m_NavMeshLayer: 0
  m_StaticEditorFlags: 0
  m_IsActive: 1
--- !u!81 &760375244
AudioListener:
  m_ObjectHideFlags: 0
  m_PrefabParentObject: {fileID: 0}
  m_PrefabInternal: {fileID: 0}
  m_GameObject: {fileID: 760375243}
  m_Enabled: 1
--- !u!124 &760375245
Behaviour:
  m_ObjectHideFlags: 0
  m_PrefabParentObject: {fileID: 0}
  m_PrefabInternal: {fileID: 0}
  m_GameObject: {fileID: 760375243}
  m_Enabled: 1
--- !u!92 &760375246
Behaviour:
  m_ObjectHideFlags: 0
  m_PrefabParentObject: {fileID: 0}
  m_PrefabInternal: {fileID: 0}
  m_GameObject: {fileID: 760375243}
  m_Enabled: 1
--- !u!20 &760375247
Camera:
  m_ObjectHideFlags: 0
  m_PrefabParentObject: {fileID: 0}
  m_PrefabInternal: {fileID: 0}
  m_GameObject: {fileID: 760375243}
  m_Enabled: 1
  serializedVersion: 2
  m_ClearFlags: 2
  m_BackGroundColor: {r: 0, g: 0, b: 0, a: 1}
  m_NormalizedViewPortRect:
    serializedVersion: 2
    x: 0
    y: 0
    width: 1
    height: 1
  near clip plane: 0.3
  far clip plane: 1000
  field of view: 60
  orthographic: 1
  orthographic size: 9.433005
  m_Depth: -1
  m_CullingMask:
    serializedVersion: 2
    m_Bits: 545
  m_RenderingPath: -1
  m_TargetTexture: {fileID: 0}
  m_TargetDisplay: 0
  m_TargetEye: 3
  m_HDR: 0
  m_OcclusionCulling: 1
  m_StereoConvergence: 10
  m_StereoSeparation: 0.022
  m_StereoMirrorMode: 0
--- !u!4 &760375248
Transform:
  m_ObjectHideFlags: 0
  m_PrefabParentObject: {fileID: 0}
  m_PrefabInternal: {fileID: 0}
  m_GameObject: {fileID: 760375243}
  m_LocalRotation: {x: 0, y: 0, z: 0, w: 1}
  m_LocalPosition: {x: 0, y: 0, z: -10}
  m_LocalScale: {x: 1, y: 1, z: 1}
  m_Children: []
  m_Father: {fileID: 0}
  m_RootOrder: 0
  m_LocalEulerAnglesHint: {x: 0, y: 0, z: 0}
--- !u!114 &760375249
MonoBehaviour:
  m_ObjectHideFlags: 0
  m_PrefabParentObject: {fileID: 0}
  m_PrefabInternal: {fileID: 0}
  m_GameObject: {fileID: 760375243}
  m_Enabled: 1
  m_EditorHideFlags: 0
  m_Script: {fileID: -1690312454, guid: f5f67c52d1564df4a8936ccd202a3bd8, type: 3}
  m_Name: 
  m_EditorClassIdentifier: 
  m_EventMask:
    serializedVersion: 2
    m_Bits: 33
--- !u!1001 &807695698
Prefab:
  m_ObjectHideFlags: 0
  serializedVersion: 2
  m_Modification:
    m_TransformParent: {fileID: 2005409725}
    m_Modifications:
    - target: {fileID: 224694068088554196, guid: b21f115e5117d4a23955dbaf9dc1925c,
        type: 2}
      propertyPath: m_LocalPosition.x
      value: 0
      objectReference: {fileID: 0}
    - target: {fileID: 224694068088554196, guid: b21f115e5117d4a23955dbaf9dc1925c,
        type: 2}
      propertyPath: m_LocalPosition.y
      value: 0
      objectReference: {fileID: 0}
    - target: {fileID: 224694068088554196, guid: b21f115e5117d4a23955dbaf9dc1925c,
        type: 2}
      propertyPath: m_LocalPosition.z
      value: 0
      objectReference: {fileID: 0}
    - target: {fileID: 224694068088554196, guid: b21f115e5117d4a23955dbaf9dc1925c,
        type: 2}
      propertyPath: m_LocalRotation.x
      value: -0
      objectReference: {fileID: 0}
    - target: {fileID: 224694068088554196, guid: b21f115e5117d4a23955dbaf9dc1925c,
        type: 2}
      propertyPath: m_LocalRotation.y
      value: -0
      objectReference: {fileID: 0}
    - target: {fileID: 224694068088554196, guid: b21f115e5117d4a23955dbaf9dc1925c,
        type: 2}
      propertyPath: m_LocalRotation.z
      value: -0
      objectReference: {fileID: 0}
    - target: {fileID: 224694068088554196, guid: b21f115e5117d4a23955dbaf9dc1925c,
        type: 2}
      propertyPath: m_LocalRotation.w
      value: 1
      objectReference: {fileID: 0}
    - target: {fileID: 224694068088554196, guid: b21f115e5117d4a23955dbaf9dc1925c,
        type: 2}
      propertyPath: m_RootOrder
      value: 0
      objectReference: {fileID: 0}
    - target: {fileID: 224694068088554196, guid: b21f115e5117d4a23955dbaf9dc1925c,
        type: 2}
      propertyPath: m_AnchoredPosition.x
      value: 0
      objectReference: {fileID: 0}
    - target: {fileID: 224694068088554196, guid: b21f115e5117d4a23955dbaf9dc1925c,
        type: 2}
      propertyPath: m_AnchoredPosition.y
      value: 0
      objectReference: {fileID: 0}
    - target: {fileID: 224694068088554196, guid: b21f115e5117d4a23955dbaf9dc1925c,
        type: 2}
      propertyPath: m_SizeDelta.x
      value: 100
      objectReference: {fileID: 0}
    - target: {fileID: 224694068088554196, guid: b21f115e5117d4a23955dbaf9dc1925c,
        type: 2}
      propertyPath: m_SizeDelta.y
      value: 100
      objectReference: {fileID: 0}
    - target: {fileID: 224694068088554196, guid: b21f115e5117d4a23955dbaf9dc1925c,
        type: 2}
      propertyPath: m_AnchorMin.x
      value: 0.5
      objectReference: {fileID: 0}
    - target: {fileID: 224694068088554196, guid: b21f115e5117d4a23955dbaf9dc1925c,
        type: 2}
      propertyPath: m_AnchorMin.y
      value: 0.5
      objectReference: {fileID: 0}
    - target: {fileID: 224694068088554196, guid: b21f115e5117d4a23955dbaf9dc1925c,
        type: 2}
      propertyPath: m_AnchorMax.x
      value: 0.5
      objectReference: {fileID: 0}
    - target: {fileID: 224694068088554196, guid: b21f115e5117d4a23955dbaf9dc1925c,
        type: 2}
      propertyPath: m_AnchorMax.y
      value: 0.5
      objectReference: {fileID: 0}
    - target: {fileID: 224694068088554196, guid: b21f115e5117d4a23955dbaf9dc1925c,
        type: 2}
      propertyPath: m_Pivot.x
      value: 0.5
      objectReference: {fileID: 0}
    - target: {fileID: 224694068088554196, guid: b21f115e5117d4a23955dbaf9dc1925c,
        type: 2}
      propertyPath: m_Pivot.y
      value: 0.5
      objectReference: {fileID: 0}
    m_RemovedComponents: []
  m_ParentPrefab: {fileID: 100100000, guid: b21f115e5117d4a23955dbaf9dc1925c, type: 2}
  m_IsPrefabParent: 0
--- !u!1001 &1001053320
Prefab:
  m_ObjectHideFlags: 0
  serializedVersion: 2
  m_Modification:
    m_TransformParent: {fileID: 0}
    m_Modifications:
    - target: {fileID: 4463650931769568, guid: 512abbf5d6e1a41b19cc28b09bcb3148, type: 2}
      propertyPath: m_LocalPosition.x
      value: -0
      objectReference: {fileID: 0}
    - target: {fileID: 4463650931769568, guid: 512abbf5d6e1a41b19cc28b09bcb3148, type: 2}
      propertyPath: m_LocalPosition.y
      value: 0
      objectReference: {fileID: 0}
    - target: {fileID: 4463650931769568, guid: 512abbf5d6e1a41b19cc28b09bcb3148, type: 2}
      propertyPath: m_LocalPosition.z
      value: 0
      objectReference: {fileID: 0}
    - target: {fileID: 4463650931769568, guid: 512abbf5d6e1a41b19cc28b09bcb3148, type: 2}
      propertyPath: m_LocalRotation.x
      value: 0
      objectReference: {fileID: 0}
    - target: {fileID: 4463650931769568, guid: 512abbf5d6e1a41b19cc28b09bcb3148, type: 2}
      propertyPath: m_LocalRotation.y
      value: 0
      objectReference: {fileID: 0}
    - target: {fileID: 4463650931769568, guid: 512abbf5d6e1a41b19cc28b09bcb3148, type: 2}
      propertyPath: m_LocalRotation.z
      value: 0
      objectReference: {fileID: 0}
    - target: {fileID: 4463650931769568, guid: 512abbf5d6e1a41b19cc28b09bcb3148, type: 2}
      propertyPath: m_LocalRotation.w
      value: 1
      objectReference: {fileID: 0}
    - target: {fileID: 4463650931769568, guid: 512abbf5d6e1a41b19cc28b09bcb3148, type: 2}
      propertyPath: m_RootOrder
      value: 3
      objectReference: {fileID: 0}
    - target: {fileID: 114321545850067444, guid: 512abbf5d6e1a41b19cc28b09bcb3148,
        type: 2}
      propertyPath: _PlaygroundAnchor
      value: 
      objectReference: {fileID: 329980548}
    - target: {fileID: 114321545850067444, guid: 512abbf5d6e1a41b19cc28b09bcb3148,
        type: 2}
      propertyPath: _DragAnchor
      value: 
      objectReference: {fileID: 1283331713}
    m_RemovedComponents: []
  m_ParentPrefab: {fileID: 100100000, guid: 512abbf5d6e1a41b19cc28b09bcb3148, type: 2}
  m_IsPrefabParent: 0
--- !u!1 &1070072396
GameObject:
  m_ObjectHideFlags: 0
  m_PrefabParentObject: {fileID: 0}
  m_PrefabInternal: {fileID: 0}
  serializedVersion: 5
  m_Component:
  - component: {fileID: 1070072399}
  - component: {fileID: 1070072398}
  - component: {fileID: 1070072397}
  m_Layer: 0
  m_Name: EventSystem
  m_TagString: Untagged
  m_Icon: {fileID: 0}
  m_NavMeshLayer: 0
  m_StaticEditorFlags: 0
  m_IsActive: 1
--- !u!114 &1070072397
MonoBehaviour:
  m_ObjectHideFlags: 0
  m_PrefabParentObject: {fileID: 0}
  m_PrefabInternal: {fileID: 0}
  m_GameObject: {fileID: 1070072396}
  m_Enabled: 1
  m_EditorHideFlags: 0
  m_Script: {fileID: 1077351063, guid: f5f67c52d1564df4a8936ccd202a3bd8, type: 3}
  m_Name: 
  m_EditorClassIdentifier: 
  m_HorizontalAxis: Horizontal
  m_VerticalAxis: Vertical
  m_SubmitButton: Submit
  m_CancelButton: Cancel
  m_InputActionsPerSecond: 10
  m_RepeatDelay: 0.5
  m_ForceModuleActive: 0
--- !u!114 &1070072398
MonoBehaviour:
  m_ObjectHideFlags: 0
  m_PrefabParentObject: {fileID: 0}
  m_PrefabInternal: {fileID: 0}
  m_GameObject: {fileID: 1070072396}
  m_Enabled: 1
  m_EditorHideFlags: 0
  m_Script: {fileID: -619905303, guid: f5f67c52d1564df4a8936ccd202a3bd8, type: 3}
  m_Name: 
  m_EditorClassIdentifier: 
  m_FirstSelected: {fileID: 0}
  m_sendNavigationEvents: 1
  m_DragThreshold: 5
--- !u!4 &1070072399
Transform:
  m_ObjectHideFlags: 0
  m_PrefabParentObject: {fileID: 0}
  m_PrefabInternal: {fileID: 0}
  m_GameObject: {fileID: 1070072396}
  m_LocalRotation: {x: 0, y: 0, z: 0, w: 1}
  m_LocalPosition: {x: 0, y: 0, z: 0}
  m_LocalScale: {x: 1, y: 1, z: 1}
  m_Children: []
  m_Father: {fileID: 0}
  m_RootOrder: 1
  m_LocalEulerAnglesHint: {x: 0, y: 0, z: 0}
--- !u!224 &1283331713 stripped
RectTransform:
  m_PrefabParentObject: {fileID: 224634350952876766, guid: a44f4aa2e3a1546ae9466a779975f4a6,
    type: 2}
  m_PrefabInternal: {fileID: 236835452}
--- !u!1001 &1539517515
Prefab:
  m_ObjectHideFlags: 0
  serializedVersion: 2
  m_Modification:
    m_TransformParent: {fileID: 329980548}
    m_Modifications:
    - target: {fileID: 224646472933309466, guid: cde9b3d7d88ee4ba688e3b096a443000,
        type: 2}
      propertyPath: m_LocalPosition.x
      value: 0
      objectReference: {fileID: 0}
    - target: {fileID: 224646472933309466, guid: cde9b3d7d88ee4ba688e3b096a443000,
        type: 2}
      propertyPath: m_LocalPosition.y
      value: 0
      objectReference: {fileID: 0}
    - target: {fileID: 224646472933309466, guid: cde9b3d7d88ee4ba688e3b096a443000,
        type: 2}
      propertyPath: m_LocalPosition.z
      value: 0
      objectReference: {fileID: 0}
    - target: {fileID: 224646472933309466, guid: cde9b3d7d88ee4ba688e3b096a443000,
        type: 2}
      propertyPath: m_LocalRotation.x
      value: -0
      objectReference: {fileID: 0}
    - target: {fileID: 224646472933309466, guid: cde9b3d7d88ee4ba688e3b096a443000,
        type: 2}
      propertyPath: m_LocalRotation.y
      value: -0
      objectReference: {fileID: 0}
    - target: {fileID: 224646472933309466, guid: cde9b3d7d88ee4ba688e3b096a443000,
        type: 2}
      propertyPath: m_LocalRotation.z
      value: -0
      objectReference: {fileID: 0}
    - target: {fileID: 224646472933309466, guid: cde9b3d7d88ee4ba688e3b096a443000,
        type: 2}
      propertyPath: m_LocalRotation.w
      value: 1
      objectReference: {fileID: 0}
    - target: {fileID: 224646472933309466, guid: cde9b3d7d88ee4ba688e3b096a443000,
        type: 2}
      propertyPath: m_RootOrder
      value: 1
      objectReference: {fileID: 0}
    - target: {fileID: 224646472933309466, guid: cde9b3d7d88ee4ba688e3b096a443000,
        type: 2}
      propertyPath: m_AnchoredPosition.x
      value: 85
      objectReference: {fileID: 0}
    - target: {fileID: 224646472933309466, guid: cde9b3d7d88ee4ba688e3b096a443000,
        type: 2}
      propertyPath: m_AnchoredPosition.y
      value: 35
      objectReference: {fileID: 0}
    - target: {fileID: 224646472933309466, guid: cde9b3d7d88ee4ba688e3b096a443000,
        type: 2}
      propertyPath: m_SizeDelta.x
      value: 30
      objectReference: {fileID: 0}
    - target: {fileID: 224646472933309466, guid: cde9b3d7d88ee4ba688e3b096a443000,
        type: 2}
      propertyPath: m_SizeDelta.y
      value: 30
      objectReference: {fileID: 0}
    - target: {fileID: 224646472933309466, guid: cde9b3d7d88ee4ba688e3b096a443000,
        type: 2}
      propertyPath: m_AnchorMin.x
      value: 0.5
      objectReference: {fileID: 0}
    - target: {fileID: 224646472933309466, guid: cde9b3d7d88ee4ba688e3b096a443000,
        type: 2}
      propertyPath: m_AnchorMin.y
      value: 0.5
      objectReference: {fileID: 0}
    - target: {fileID: 224646472933309466, guid: cde9b3d7d88ee4ba688e3b096a443000,
        type: 2}
      propertyPath: m_AnchorMax.x
      value: 0.5
      objectReference: {fileID: 0}
    - target: {fileID: 224646472933309466, guid: cde9b3d7d88ee4ba688e3b096a443000,
        type: 2}
      propertyPath: m_AnchorMax.y
      value: 0.5
      objectReference: {fileID: 0}
    - target: {fileID: 224646472933309466, guid: cde9b3d7d88ee4ba688e3b096a443000,
        type: 2}
      propertyPath: m_Pivot.x
      value: 0.5
      objectReference: {fileID: 0}
    - target: {fileID: 224646472933309466, guid: cde9b3d7d88ee4ba688e3b096a443000,
        type: 2}
      propertyPath: m_Pivot.y
      value: 0.5
      objectReference: {fileID: 0}
    - target: {fileID: 224997187656743080, guid: cde9b3d7d88ee4ba688e3b096a443000,
        type: 2}
      propertyPath: m_RootOrder
      value: 6
      objectReference: {fileID: 0}
    - target: {fileID: 224481473540969792, guid: cde9b3d7d88ee4ba688e3b096a443000,
        type: 2}
      propertyPath: m_RootOrder
      value: 3
      objectReference: {fileID: 0}
    - target: {fileID: 224788498321773722, guid: cde9b3d7d88ee4ba688e3b096a443000,
        type: 2}
      propertyPath: m_RootOrder
      value: 7
      objectReference: {fileID: 0}
    - target: {fileID: 224364869286822398, guid: cde9b3d7d88ee4ba688e3b096a443000,
        type: 2}
      propertyPath: m_RootOrder
      value: 4
      objectReference: {fileID: 0}
    - target: {fileID: 224646472933309466, guid: cde9b3d7d88ee4ba688e3b096a443000,
        type: 2}
      propertyPath: m_LocalScale.x
      value: 0.699989
      objectReference: {fileID: 0}
    - target: {fileID: 224646472933309466, guid: cde9b3d7d88ee4ba688e3b096a443000,
        type: 2}
      propertyPath: m_LocalScale.y
      value: 0.699989
      objectReference: {fileID: 0}
    - target: {fileID: 224646472933309466, guid: cde9b3d7d88ee4ba688e3b096a443000,
        type: 2}
      propertyPath: m_LocalScale.z
      value: 0.99989355
      objectReference: {fileID: 0}
    - target: {fileID: 1925653584830890, guid: cde9b3d7d88ee4ba688e3b096a443000, type: 2}
      propertyPath: m_Name
      value: Block.UI.free.NOcolors (1)
      objectReference: {fileID: 0}
    - target: {fileID: 1925653584830890, guid: cde9b3d7d88ee4ba688e3b096a443000, type: 2}
      propertyPath: m_IsActive
      value: 1
      objectReference: {fileID: 0}
    - target: {fileID: 224998532605866680, guid: cde9b3d7d88ee4ba688e3b096a443000,
        type: 2}
      propertyPath: m_RootOrder
      value: 5
      objectReference: {fileID: 0}
    m_RemovedComponents: []
  m_ParentPrefab: {fileID: 100100000, guid: cde9b3d7d88ee4ba688e3b096a443000, type: 2}
  m_IsPrefabParent: 0
--- !u!224 &1591481368 stripped
RectTransform:
  m_PrefabParentObject: {fileID: 224646472933309466, guid: cde9b3d7d88ee4ba688e3b096a443000,
    type: 2}
  m_PrefabInternal: {fileID: 18622}
--- !u!1001 &1679643083
Prefab:
  m_ObjectHideFlags: 0
  serializedVersion: 2
  m_Modification:
    m_TransformParent: {fileID: 363320334}
    m_Modifications:
    - target: {fileID: 224458158021144206, guid: fbe834eb504114bca975051ce7685295,
        type: 2}
      propertyPath: m_LocalPosition.x
      value: 0
      objectReference: {fileID: 0}
    - target: {fileID: 224458158021144206, guid: fbe834eb504114bca975051ce7685295,
        type: 2}
      propertyPath: m_LocalPosition.y
      value: 0
      objectReference: {fileID: 0}
    - target: {fileID: 224458158021144206, guid: fbe834eb504114bca975051ce7685295,
        type: 2}
      propertyPath: m_LocalPosition.z
      value: 0
      objectReference: {fileID: 0}
    - target: {fileID: 224458158021144206, guid: fbe834eb504114bca975051ce7685295,
        type: 2}
      propertyPath: m_LocalRotation.x
      value: -0
      objectReference: {fileID: 0}
    - target: {fileID: 224458158021144206, guid: fbe834eb504114bca975051ce7685295,
        type: 2}
      propertyPath: m_LocalRotation.y
      value: -0
      objectReference: {fileID: 0}
    - target: {fileID: 224458158021144206, guid: fbe834eb504114bca975051ce7685295,
        type: 2}
      propertyPath: m_LocalRotation.z
      value: -0
      objectReference: {fileID: 0}
    - target: {fileID: 224458158021144206, guid: fbe834eb504114bca975051ce7685295,
        type: 2}
      propertyPath: m_LocalRotation.w
      value: 1
      objectReference: {fileID: 0}
    - target: {fileID: 224458158021144206, guid: fbe834eb504114bca975051ce7685295,
        type: 2}
      propertyPath: m_RootOrder
      value: 2
      objectReference: {fileID: 0}
    - target: {fileID: 224458158021144206, guid: fbe834eb504114bca975051ce7685295,
        type: 2}
      propertyPath: m_AnchoredPosition.x
      value: 0
      objectReference: {fileID: 0}
    - target: {fileID: 224458158021144206, guid: fbe834eb504114bca975051ce7685295,
        type: 2}
      propertyPath: m_AnchoredPosition.y
      value: 0
      objectReference: {fileID: 0}
    - target: {fileID: 224458158021144206, guid: fbe834eb504114bca975051ce7685295,
        type: 2}
      propertyPath: m_SizeDelta.x
      value: 100
      objectReference: {fileID: 0}
    - target: {fileID: 224458158021144206, guid: fbe834eb504114bca975051ce7685295,
        type: 2}
      propertyPath: m_SizeDelta.y
      value: 100
      objectReference: {fileID: 0}
    - target: {fileID: 224458158021144206, guid: fbe834eb504114bca975051ce7685295,
        type: 2}
      propertyPath: m_AnchorMin.x
      value: 0.5
      objectReference: {fileID: 0}
    - target: {fileID: 224458158021144206, guid: fbe834eb504114bca975051ce7685295,
        type: 2}
      propertyPath: m_AnchorMin.y
      value: 0.5
      objectReference: {fileID: 0}
    - target: {fileID: 224458158021144206, guid: fbe834eb504114bca975051ce7685295,
        type: 2}
      propertyPath: m_AnchorMax.x
      value: 0.5
      objectReference: {fileID: 0}
    - target: {fileID: 224458158021144206, guid: fbe834eb504114bca975051ce7685295,
        type: 2}
      propertyPath: m_AnchorMax.y
      value: 0.5
      objectReference: {fileID: 0}
    - target: {fileID: 224458158021144206, guid: fbe834eb504114bca975051ce7685295,
        type: 2}
      propertyPath: m_Pivot.x
      value: 0.5
      objectReference: {fileID: 0}
    - target: {fileID: 224458158021144206, guid: fbe834eb504114bca975051ce7685295,
        type: 2}
      propertyPath: m_Pivot.y
      value: 0.5
      objectReference: {fileID: 0}
    m_RemovedComponents: []
  m_ParentPrefab: {fileID: 100100000, guid: fbe834eb504114bca975051ce7685295, type: 2}
  m_IsPrefabParent: 0
--- !u!224 &1906853982 stripped
RectTransform:
  m_PrefabParentObject: {fileID: 224253193385040276, guid: a44f4aa2e3a1546ae9466a779975f4a6,
    type: 2}
  m_PrefabInternal: {fileID: 236835452}
--- !u!1 &2005409721
GameObject:
  m_ObjectHideFlags: 0
  m_PrefabParentObject: {fileID: 0}
  m_PrefabInternal: {fileID: 0}
  serializedVersion: 5
  m_Component:
  - component: {fileID: 2005409725}
  - component: {fileID: 2005409724}
  - component: {fileID: 2005409723}
  - component: {fileID: 2005409722}
  m_Layer: 5
  m_Name: UIRoot
  m_TagString: Untagged
  m_Icon: {fileID: 0}
  m_NavMeshLayer: 0
  m_StaticEditorFlags: 0
  m_IsActive: 1
--- !u!114 &2005409722
MonoBehaviour:
  m_ObjectHideFlags: 0
  m_PrefabParentObject: {fileID: 0}
  m_PrefabInternal: {fileID: 0}
  m_GameObject: {fileID: 2005409721}
  m_Enabled: 1
  m_EditorHideFlags: 0
  m_Script: {fileID: 11500000, guid: a6294a29011925e488a58f27ca1edba4, type: 3}
  m_Name: 
  m_EditorClassIdentifier: 
  m_IgnoreReversedGraphics: 1
  m_BlockingObjects: 0
  m_BlockingMask:
    serializedVersion: 2
    m_Bits: 4294967295
  AlphaThreshold: 0.9
  IncludeMaterialAlpha: 0
  SelectiveMode: 0
  ShowTextureWarnings: 0
--- !u!114 &2005409723
MonoBehaviour:
  m_ObjectHideFlags: 0
  m_PrefabParentObject: {fileID: 0}
  m_PrefabInternal: {fileID: 0}
  m_GameObject: {fileID: 2005409721}
  m_Enabled: 1
  m_EditorHideFlags: 0
  m_Script: {fileID: 1980459831, guid: f70555f144d8491a825f0804e09c671c, type: 3}
  m_Name: 
  m_EditorClassIdentifier: 
  m_UiScaleMode: 0
  m_ReferencePixelsPerUnit: 300
  m_ScaleFactor: 1
  m_ReferenceResolution: {x: 800, y: 600}
  m_ScreenMatchMode: 0
  m_MatchWidthOrHeight: 0
  m_PhysicalUnit: 3
  m_FallbackScreenDPI: 96
  m_DefaultSpriteDPI: 96
  m_DynamicPixelsPerUnit: 1
--- !u!223 &2005409724
Canvas:
  m_ObjectHideFlags: 0
  m_PrefabParentObject: {fileID: 0}
  m_PrefabInternal: {fileID: 0}
  m_GameObject: {fileID: 2005409721}
  m_Enabled: 1
  serializedVersion: 2
  m_RenderMode: 1
  m_Camera: {fileID: 760375247}
  m_PlaneDistance: 100
  m_PixelPerfect: 0
  m_ReceivesEvents: 1
  m_OverrideSorting: 0
  m_OverridePixelPerfect: 0
  m_SortingBucketNormalizedSize: 0
  m_SortingLayerID: 0
  m_SortingOrder: 0
  m_TargetDisplay: 0
--- !u!224 &2005409725
RectTransform:
  m_ObjectHideFlags: 0
  m_PrefabParentObject: {fileID: 0}
  m_PrefabInternal: {fileID: 0}
  m_GameObject: {fileID: 2005409721}
  m_LocalRotation: {x: 0, y: 0, z: 0, w: 1}
  m_LocalPosition: {x: 0, y: 0, z: 0}
  m_LocalScale: {x: 0, y: 0, z: 0}
  m_Children:
  - {fileID: 538908920}
  - {fileID: 1906853982}
  m_Father: {fileID: 0}
  m_RootOrder: 2
  m_LocalEulerAnglesHint: {x: 0, y: 0, z: 0}
  m_AnchorMin: {x: 0, y: 0}
  m_AnchorMax: {x: 0, y: 0}
  m_AnchoredPosition: {x: 0, y: 0}
  m_SizeDelta: {x: 0, y: 0}
  m_Pivot: {x: 0, y: 0}
